<record><leader>00000cas a2200000 a 4500</leader><controlfield tag="001">8817733</controlfield><controlfield tag="008">820929d18721918ksuwr ne      0   a0eng  </controlfield><controlfield tag="009">466</controlfield><datafield ind1=" " ind2=" " tag="010"><subfield code="a">sn 82015484 </subfield></datafield><datafield ind1=" " ind2=" " tag="040"><subfield code="a">DLC</subfield><subfield code="b">eng</subfield><subfield code="c">DLC</subfield><subfield code="d">NPT</subfield><subfield code="d">NPU</subfield><subfield code="d">NPX</subfield><subfield code="d">NPT</subfield><subfield code="d">DLC</subfield><subfield code="d">CUI</subfield><subfield code="d">OCLCF</subfield></datafield><datafield ind1=" " ind2=" " tag="012"><subfield code="l">a</subfield></datafield><datafield ind1="1" ind2=" " tag="022"><subfield code="a">2158-2580</subfield><subfield code="2">1</subfield></datafield><datafield ind1="1" ind2=" " tag="029"><subfield code="a">AU@</subfield><subfield code="b">000025831587</subfield></datafield><datafield ind1=" " ind2=" " tag="042"><subfield code="a">pcc</subfield><subfield code="a">nsdp</subfield></datafield><datafield ind1=" " ind2=" " tag="043"><subfield code="a">n-us-ks</subfield></datafield><datafield ind1="0" ind2="0" tag="050"><subfield code="a">Newspaper 7880</subfield></datafield><datafield ind1=" " ind2="4" tag="050"><subfield code="a">AN</subfield></datafield><datafield ind1=" " ind2="4" tag="222"><subfield code="a">The Weekly Kansas chief</subfield></datafield><datafield ind1="0" ind2="4" tag="245"><subfield code="a">The Weekly Kansas chief.</subfield></datafield><datafield ind1="0" ind2="3" tag="246"><subfield code="a">Kansas chief</subfield></datafield><datafield ind1=" " ind2=" " tag="260"><subfield code="a">Troy, Kan. :</subfield><subfield code="b">Sol Miller,</subfield><subfield code="c">1872-1918.</subfield></datafield><datafield ind1=" " ind2=" " tag="300"><subfield code="a">46 v. :</subfield><subfield code="b">ill. ;</subfield><subfield code="c">54-66 cm.</subfield></datafield><datafield ind1=" " ind2=" " tag="310"><subfield code="a">Weekly</subfield></datafield><datafield ind1="0" ind2=" " tag="362"><subfield code="a">Vol. 16, no. 3 (July 11, 1872)-v. 42, no. 52 (May 18, 1899) ; 43rd year, no. 1 (May 25, 1899)-62nd year, no. 26 (Nov. 14, 1918).</subfield></datafield><datafield ind1=" " ind2=" " tag="500"><subfield code="a">"Republican."</subfield></datafield><datafield ind1=" " ind2=" " tag="500"><subfield code="a">Editor: Sol Miller, &lt;1861&gt;.</subfield></datafield><datafield ind1=" " ind2=" " tag="525"><subfield code="a">Apr. 6, 1916 issue has supplement called: Illustrated Doniphan County.</subfield></datafield><datafield ind1=" " ind2=" " tag="530"><subfield code="a">Archived issues are available in digital format as part of the Library of Congress Chronicling America online collection.</subfield></datafield><datafield ind1=" " ind2="0" tag="651"><subfield code="a">Troy (Kan.)</subfield><subfield code="v">Newspapers.</subfield></datafield><datafield ind1=" " ind2="0" tag="651"><subfield code="a">Doniphan County (Kan.)</subfield><subfield code="v">Newspapers.</subfield></datafield><datafield ind1=" " ind2="7" tag="655"><subfield code="a">Newspapers.</subfield><subfield code="2">fast</subfield><subfield code="0">(OCoLC)fst01423814</subfield></datafield><datafield ind1=" " ind2="7" tag="651"><subfield code="a">Kansas</subfield><subfield code="z">Doniphan County.</subfield><subfield code="2">fast</subfield><subfield code="0">(OCoLC)fst01218100</subfield></datafield><datafield ind1=" " ind2="7" tag="651"><subfield code="a">Kansas</subfield><subfield code="z">Troy.</subfield><subfield code="2">fast</subfield><subfield code="0">(OCoLC)fst01255337</subfield></datafield><datafield ind1=" " ind2=" " tag="752"><subfield code="a">United States</subfield><subfield code="b">Kansas</subfield><subfield code="c">Doniphan</subfield><subfield code="d">Troy.</subfield></datafield><datafield ind1="0" ind2="8" tag="776"><subfield code="i">Online version:</subfield><subfield code="t">Weekly Kansas chief</subfield><subfield code="w">(OCoLC)690936230</subfield></datafield><datafield ind1="0" ind2="0" tag="780"><subfield code="t">White Cloud Kansas chief</subfield><subfield code="x">2158-2599</subfield><subfield code="w">(DLC)sn 82015486</subfield><subfield code="w">(OCoLC)8817589</subfield></datafield><datafield ind1="0" ind2="5" tag="780"><subfield code="t">Doniphan County Republican</subfield><subfield code="w">(DLC)sn 84029505</subfield><subfield code="w">(OCoLC)11086849</subfield></datafield><datafield ind1="0" ind2="0" tag="785"><subfield code="t">Kansas chief</subfield><subfield code="w">(DLC)sn 84029528</subfield><subfield code="w">(OCoLC)11086868</subfield></datafield><datafield ind1="4" ind2="1" tag="856"><subfield code="u">http://www.loc.gov/chroniclingamerica/lccn/sn82015484/issues</subfield></datafield></record>